@Article{HibatAllah2020,
  author           = {Hibat-Allah, Mohamed and Ganahl, Martin and Hayward, Lauren E and Melko, Roger G and Carrasquilla, Juan},
  journal          = {Physical Review Research},
  title            = {Recurrent neural network wave functions},
  year             = {2020},
  number           = {2},
  pages            = {023358},
  volume           = {2},
  creationdate     = {2023-04-08T19:55:02},
  groups           = {neural network wavefunctions},
  modificationdate = {2023-04-08T19:55:22},
  priority         = {prio1},
  publisher        = {APS},
  ranking          = {rank5},
  readstatus       = {read},
}
@article{bortone2023impact,
  title={Impact of conditional modelling for universal autoregressive quantum states},
  author={Bortone, Massimo and Rath, Yannic and Booth, George H},
  journal={arXiv preprint arXiv:2306.05917},
  year={2023}
}